@article{article,
	title        = {Price Manipulation in the Bitcoin Ecosystem},
	author       = {Gandal, Neil and Hamrick, JT and Moore, Tyler and Oberman, Tali},
	year         = 2018,
	month        = {01},
	journal      = {Journal of Monetary Economics},
	volume       = 95,
	pages        = {},
	doi          = {10.1016/j.jmoneco.2017.12.004}
}
@misc{bitcoin,
	title        = {Bitcoin: A Peer-to-Peer Electronic Cash System},
	author       = {Satoshi Nakamoto},
	year         = 2009,
	note         = {Retrieved on 13.06.2020},
	howpublished = {\url{https://bitcoin.org/bitcoin.pdf}}
}
@misc{bmoney,
	title        = {B-Money},
	author       = {Wei Dai},
	year         = 1998,
	note         = {Retrieved on 13.06.2020},
	howpublished = {\url{http://www.weidai.com/bmoney.txt}}
}
@article{carbon,
	title        = {The Carbon Footprint of Bitcoin},
	author       = {Stoll, Christian and Klaa√üen, Lena and Gallersd\"{o}rfer, Ulrich},
	year         = 2019,
	month        = {01},
	journal      = {SSRN Electronic Journal},
	pages        = {},
	doi          = {10.2139/ssrn.3335781}
}
@misc{coinmarketcap,
	author       = {CoinMarketCap},
	note         = {Data and graphs are provided by CoinMarketCap. Retrieved on 14.06.2020},
	howpublished = {\url{https://coinmarketcap.com/}}
}
@misc{cryptolife,
	title        = {Custom Altcoin},
	note         = {Retrieved on 14.06.2020},
	howpublished = {\url{https://dev.cryptolife.net/order/custom-altcoin/}}
}
@misc{cryptonote,
	title        = {Create anonymous CryptoNote currency},
	note         = {Retrieved on 13.06.2020},
	howpublished = {\url{https://cryptonotestarter.org/}}
}
@misc{deadcoins,
	title        = {Deadcoins curated list of cryptocurrencies and ICOs},
	note         = {Retrieved on 13.06.2020},
	howpublished = {\url{https://deadcoins.com/}}
}
@misc{digicash,
	title        = {Requiem for a Bright Idea},
	author       = {Julie Pitta},
	year         = 1999,
	month        = 1,
	note         = {Retrieved on 13.06.2020},
	howpublished = {\url{https://www.forbes.com/forbes/1999/1101/6411390a.html\#7704b91d715f}}
}
@misc{ecash1,
	title        = {Blind signatures for untraceable payments},
	author       = {David Chaum},
	year         = 1983,
	note         = {Retrieved on 14.06.2020},
	howpublished = {\url{https://web.archive.org/web/20141218034712/http://www.hit.bme.hu/~buttyan/courses/BMEVIHIM219/2009/Chaum.BlindSigForPayment.1982.PDF}}
}
@misc{ecash2,
	title        = {Untraceable electronic cash},
	author       = {David Chaum, Amos Fiat, Moni Noar},
	year         = 1983,
	note         = {Retrieved on 14.06.2020},
	howpublished = {\url{https://web.archive.org/web/20110903023027/http://blog.koehntopp.de/uploads/chaum\_fiat\_naor\_ecash.pdf}}
}
@article{ethereum,
	title        = {Cryptocurrencies: A Brief Thematic Review},
	author       = {Chohan, Usman},
	year         = 2017,
	month        = {01},
	journal      = {SSRN Electronic Journal},
	pages        = {},
	doi          = {10.2139/ssrn.3024330}
}
@article{Feder2018TheRA,
	title        = {The rise and fall of cryptocurrencies},
	author       = {Feder, Amir and Gandal, Neil and Hamrick, JT and Moore, Tyler and Vasek, Marie},
	year         = 2018,
	month        = {06},
	journal      = {Workshop on the Economics of Information Security}
}
@misc{guardian,
	title        = {Bitcoin biggest bubble in history, says economist who predicted 2008 crash},
	author       = {The Guardian},
	year         = 2018,
	month        = 2,
	note         = {Retrieved on 20.06.2020},
	howpublished = {\url{ https://www.theguardian.com/technology/2018/feb/02/bitcoin-biggest-bubble-in-history-says-economist-who-predicted-2008-crash}}
}
@misc{hype,
	title        = {Cryptocurrencies: looking beyond the hype},
	author       = {Hyun Song Shin},
	year         = 2018,
	month        = 6,
	note         = {Retrieved on 20.06.2020},
	howpublished = {\url{https://www.bis.org/publ/arpdf/ar2018e5.pdf}}
}
@inproceedings{inproceedings,
	title        = {Beware the Middleman: Empirical Analysis of Bitcoin-Exchange Risk},
	author       = {Moore, Tyler and Christin, Nicolas},
	year         = 2013,
	month        = {04},
	volume       = 7859,
	pages        = {25--33},
	doi          = {10.1007/978-3-642-39884-1\_3}
}
@misc{kearns,
	title        = {Greenspan Says Bitcoin a Bubble Without Intrinsic Currency Value},
	author       = {Jeff Kearns},
	year         = 2013,
	month        = 12,
	note         = {Retrieved on 20.06.2020},
	howpublished = {\url{ https://www.bloomberg.com/news/articles/2013-12-04/greenspan-says-bitcoin-a-bubble-without-intrinsic-currency-value}}
}
@misc{krugman,
	title        = {Bubble, Bubble, Fraud and Trouble},
	author       = {Paul Krugman},
	year         = 2018,
	month        = 1,
	note         = {Article appeared in print on Jan. 29, 2018, Section A, Page 23 of the New York edition with the headline: Bubble, Bubble, Fraud And Trouble. Retrieved on 15.06.2020.},
	howpublished = {\url{https://www.nytimes.com/2018/01/29/opinion/bitcoin-bubble-fraud.html}}
}
@misc{mapofcoins,
	title        = {Map of coins: Cryptocurrency history cryptocurrency technologies cryptocurrency specifications},
	note         = {Retrieved on 13.06.2020},
	howpublished = {\url{https://mapofcoins.com/nxt}}
}
@misc{neo,
	title        = {Cryptocurrencies and blockchain},
	author       = {Prof. Dr. Robby Houben, Alexander Snyers},
	note         = {Retrieved on 14.06.2020},
	howpublished = {\url{https://www.europarl.europa.eu/cmsdata/150761/TAX3\%20Study\%20on\%20cryptocurrencies\%20and\%20blockchain.pdf}}
}
@misc{nsa,
	title        = {How to make a mint: the cryptography of anonymous electronic cash},
	author       = {Laurie Law, Susan Sabett, Jerry Solinas},
	year         = 1996,
	month        = 6,
	note         = {Retrieved on 13.06.2020},
	howpublished = {\url{https://groups.csail.mit.edu/mac/classes/6.805/articles/money/nsamint/nsamint.htm}}
}
@misc{pizzaguy,
	title        = {Pizza for bitcoins?},
	author       = {Laszlo},
	year         = 2010,
	month        = 5,
	note         = {Retrieved on 13.06.2020},
	howpublished = {\url{https://bitcointalk.org/index.php?topic=137.msg1141\#msg1141}}
}
@article{predictwinner,
	title        = {Can We Predict the Winner in a Market with Network Effects? Competition in Cryptocurrency Market},
	author       = {Gandal, Neil and Ha\l{}aburda, Hanna},
	year         = 2016,
	month        = {07},
	journal      = {Games},
	volume       = 7,
	pages        = 16,
	doi          = {10.3390/g7030016}
}
@misc{robert,
	title        = {In Search of a Stable Electronic Currency},
	author       = {Robert J. Shiller},
	year         = 2014,
	month        = 3,
	note         = {Article appeared in print on March 2, 2014, Section BU, Page 4 of the New York edition with the headline: In Search of a Stable Electronic Currency. Retrieved on 20.06.2020.},
	howpublished = {\url{https://www.nytimes.com/2014/03/02/business/in-search-of-a-stable-electronic-currency.html}}
}
@misc{stiglitz,
	title        = {Bitcoin `Ought to Be Outlawed,' Nobel Prize Winner Stiglitz Says},
	author       = {Kevin Costelloe},
	year         = 2017,
	month        = 11,
	note         = {Retrieved on 20.06.2020},
	howpublished = {\url{https://www.bloomberg.com/news/articles/2017-11-29/bitcoin-ought-to-be-outlawed-nobel-prize-winner-stiglitz-says-jal10hxd}}
}
@misc{thaler,
	title        = {Economics Nobel prize winner, Richard Thaler: ``The market that looks most like a bubble to me is Bitcoin and its brethren''},
	year         = 2018,
	month        = 1,
	note         = {Retrieved on 18.06.2020},
	howpublished = {\url{https://econews.pt/2018/01/22/economics-nobel-prize-winner-richard-thaler-the-market-that-looks-most-like-a-bubble-to-me-is-bitcoin-and-its-brethren/}}
}
@misc{wexnzcase,
	title        = {{Criminal Case Against Failed WEX Crypto Exchange Points at Russian Law Enforcement}},
	author       = {Anna Baydakova},
	note         = {Retrieved on 3.07.2020},
	howpublished = {\url{https://www.coindesk.com/criminal-case-against-failed-wex-exchange-points-at-russian-law-enforcement}}
}
@misc{wsj,
	title        = {5 Things About Mt. Gox's Crisis},
	author       = {Paul Vigna},
	year         = 2014,
	month        = 2,
	note         = {Retrieved on 13.06.2020},
	howpublished = {\url{https://blogs.wsj.com/briefly/2014/02/25/5-things-about-mt-goxs-crisis/}}
}
@misc{xkcd,
	title        = {xkcd: 2010 and 2020},
	author       = {Randall Munroe},
	note         = {Retrieved on 20.06.2020},
	howpublished = {\url{https://xkcd.com/2280/}}
}
@misc{xrp,
	title        = {XRP | Ripple},
	note         = {Retrieved on 13.06.2020},
	howpublished = {\url{https://ripple.com/xrp}}
}
